@article{azuma1997survey,
  title={A survey of augmented reality},
  author={Azuma, Ronald T},
  journal={Presence: Teleoperators and virtual environments},
  volume={6},
  number={4},
  pages={355--385},
  year={1997},
  publisher={MIT Press}
}

@article{azuma2016most,
  title={The Most Important Challenge Facing Augmented Reality},
  author={Azuma, Ronald T},
  journal={PRESENCE: Teleoperators and Virtual Environments},
  number={00},
  year={2016},
  publisher={MIT Press}
}

@inproceedings{sutherland1968head,
  title={A head-mounted three dimensional display},
  author={Sutherland, Ivan E},
  booktitle={Proceedings of the December 9-11, 1968, fall joint computer conference, part I},
  pages={757--764},
  year={1968},
  organization={ACM}
}

@article{hollerer2004mobile,
  title={Mobile augmented reality},
  author={H{\"o}llerer, Tobias and Feiner, Steve},
  journal={Telegeoinformatics: Location-Based Computing and Services. Taylor and Francis Books Ltd., London, UK},
  volume={21},
  year={2004}
}

@inproceedings{caudell1992augmented,
  title={Augmented reality: An application of heads-up display technology to manual manufacturing processes},
  author={Caudell, Thomas P and Mizell, David W},
  booktitle={System Sciences, 1992. Proceedings of the Twenty-Fifth Hawaii International Conference on},
  volume={2},
  pages={659--669},
  year={1992},
  organization={IEEE}
}

@inproceedings{fortin2006handling,
  title={Handling occlusions in real-time augmented reality: dealing with movable real and virtual objects},
  author={Fortin, P and Hebert, Patrick},
  booktitle={Computer and Robot Vision, 2006. The 3rd Canadian Conference on},
  pages={54--54},
  year={2006},
  organization={IEEE}
}

@inproceedings{breen1996interactive,
  title={Interactive occlusion and automatic object placement for augmented reality},
  author={Breen, David E and Whitaker, Ross T and Rose, Eric and Tuceryan, Mihran},
  booktitle={Computer Graphics Forum},
  volume={15},
  number={3},
  pages={11--22},
  year={1996},
  organization={Wiley Online Library}
}

@inproceedings{wloka1995resolving,
  title={Resolving occlusion in augmented reality},
  author={Wloka, Matthias M and Anderson, Brian G},
  booktitle={Proceedings of the 1995 symposium on Interactive 3D graphics},
  pages={5--12},
  year={1995},
  organization={ACM}
}

@article{tian2015handling,
  title={Handling occlusions in augmented reality based on 3D reconstruction method},
  author={Tian, Yuan and Long, Yan and Xia, Dan and Yao, Huang and Zhang, Jincheng},
  journal={Neurocomputing},
  volume={156},
  pages={96--104},
  year={2015},
  publisher={Elsevier}
}

@article{behzadan2010scalable,
  title={Scalable algorithm for resolving incorrect occlusion in dynamic augmented reality engineering environments},
  author={Behzadan, Amir H and Kamat, Vineet R},
  journal={Computer-Aided Civil and Infrastructure Engineering},
  volume={25},
  number={1},
  pages={3--19},
  year={2010},
  publisher={Wiley Online Library}
}

@inproceedings{schmidt2002dense,
  title={Dense disparity maps in real-time with an application to augmented reality},
  author={Schmidt, Jochen and Niemann, Heinrich and Vogt, Sebastian},
  booktitle={Applications of Computer Vision, 2002.(WACV 2002). Proceedings. Sixth IEEE Workshop on},
  pages={225--230},
  year={2002},
  organization={IEEE}
}

@article{zhu2010handling,
  title={Handling occlusions in video-based augmented reality using depth information},
  author={Zhu, Jiejie and Pan, Zhigeng and Sun, Chao and Chen, Wenzhi},
  journal={Computer Animation and Virtual Worlds},
  volume={21},
  number={5},
  pages={509--521},
  year={2010},
  publisher={Wiley Online Library}
}

@inproceedings{fischer2007using,
  title={Using Time-of-Flight Range Data for Occlusion Handling in Augmented Reality.},
  author={Fischer, Jan and Huhle, Benjamin and Schilling, Andreas},
  booktitle={IPT/EGVE},
  pages={109--116},
  year={2007}
}

@article{ong1998resolving,
  title={Resolving occlusion in image sequence made easy},
  author={Ong, Kiem Ching and Teh, Hung Chuan and Tan, Tiow Seng},
  journal={The Visual Computer},
  volume={14},
  number={4},
  pages={153--165},
  year={1998},
  publisher={Springer}
}

@article{tian2010real,
  title={Real-time occlusion handling in augmented reality based on an object tracking approach},
  author={Tian, Yuan and Guan, Tao and Wang, Cheng},
  journal={Sensors},
  volume={10},
  number={4},
  pages={2885--2900},
  year={2010},
  publisher={Molecular Diversity Preservation International}
}

@inproceedings{lepetit2000semi,
  title={A semi-automatic method for resolving occlusion in augmented reality},
  author={Lepetit, Vincent and Berger, M-O},
  booktitle={Computer Vision and Pattern Recognition, 2000. Proceedings. IEEE Conference on},
  volume={2},
  pages={225--230},
  year={2000},
  organization={IEEE}
}

@article{fuhrmann1999occlusion,
  title={Occlusion in collaborative augmented environments},
  author={Fuhrmann, Anton and Hesina, Gerd and Faure, Fran{\c{c}}ois and Gervautz, Michael},
  journal={Computers \& Graphics},
  volume={23},
  number={6},
  pages={809--819},
  year={1999},
  publisher={Elsevier}
}

@inproceedings{shah2012occlusion,
  title={Occlusion in augmented reality},
  author={Shah, Manisah Mohd and Arshad, Haslina and Sulaiman, Riza},
  booktitle={Information Science and Digital Content Technology (ICIDT), 2012 8th International Conference on},
  volume={2},
  pages={372--378},
  year={2012},
  organization={IEEE}
}

@inproceedings{kasapakis2015determining,
  title={Determining Field of View in Outdoors Augmented Reality Applications},
  author={Kasapakis, Vlasios and Gavalas, Damianos},
  booktitle={European Conference on Ambient Intelligence},
  pages={344--348},
  year={2015},
  organization={Springer}
}

@inproceedings{macintyre2011argon,
  title={The argon ar web browser and standards-based ar application environment},
  author={MacIntyre, Blair and Hill, Alex and Rouzati, Hafez and Gandy, Maribeth and Davidson, Brian},
  booktitle={Mixed and Augmented Reality (ISMAR), 2011 10th IEEE International Symposium on},
  pages={65--74},
  year={2011},
  organization={IEEE}
}

@inproceedings{zhou2008trends,
  title={Trends in augmented reality tracking, interaction and display: A review of ten years of ISMAR},
  author={Zhou, Feng and Duh, Henry Been-Lirn and Billinghurst, Mark},
  booktitle={Proceedings of the 7th IEEE/ACM International Symposium on Mixed and Augmented Reality},
  pages={193--202},
  year={2008},
  organization={IEEE Computer Society}
}

@article{cirulis20133d,
  title={3D outdoor augmented reality for architecture and urban planning},
  author={Cirulis, Arnis and Brigmanis, Kristaps Brigis},
  journal={Procedia Computer Science},
  volume={25},
  pages={71--79},
  year={2013},
  publisher={Elsevier}
}

@article{likert1932technique,
  title={A technique for the measurement of attitudes.},
  author={Likert, Rensis},
  journal={Archives of psychology},
  year={1932}
}

@inproceedings{du2016edge,
  title={Edge Snapping-Based Depth Enhancement for Dynamic Occlusion Handling in Augmented Reality},
  author={Du, Chao and Chen, Yen-Lin and Ye, Mao and Ren, Liu},
  booktitle={Mixed and Augmented Reality (ISMAR), 2016 IEEE International Symposium on},
  pages={54--62},
  year={2016},
  organization={IEEE}
}

%% WEBSITES
@misc{ogcFaq,
  howpublished={\url{http://www.opengeospatial.org/ogc/faq}},
  title={FAQs - OGC's purpose and structure},
  note={Accessed: 2017-01-25},
  author={Open Geospatial Consortium},
  year={2017}
}

@misc{osmAbout,
  howpublished={\url{http://wiki.openstreetmap.org/wiki/About_OpenStreetMap}},
  title={About OpenStreetMap},
  note={Accessed: 2017-02-01},
  author={OpenStreetMap},
  year={2016}
}

@misc{osmOverpass,
  howpublished={\url{http://wiki.openstreetmap.org/wiki/Overpass_API}},
  title={Overpass API},
  note={Accessed: 2017-02-01},
  author={OpenStreetMap},
  year={2016}
}

@misc{geojson,
  howpublished={\url{http://geojson.org/}},
  title={GeoJSON},
  note={Accessed: 2016-12-20},
  author={GeoJSON},
  year={2016}
}

@misc{threejsExtrudegeometry,
  howpublished={\url{https://threejs.org/docs/\#Reference/Geometries/ExtrudeGeometry}},
  title={ExtrudeGeometry},
  note={Accessed: 2016-12-20},
  author={Three.js},
  year={2016}
}

@misc{osm3Dbuildings,
  howpublished={\url{http://wiki.openstreetmap.org/wiki/Simple_3D_buildings}},
  title={Simple 3D buildings},
  note={Accessed: 2016-12-20},
  author={OpenStreetMap},
  year={2017}
}

@misc{vergeTango,
  author={Seifert, Dan},
  title={The first phone with Google Tango is a 6.4-inch monster from Lenovo},
  howpublished={\url{http://www.theverge.com/2016/6/9/11882514/lenovo-phab-2-plus-pro-tango-google-specs-announce-smartphone}},
  note={Accessed: 2017-01-26},
  journal={The Verge},
  year={2016}
}

@misc{vergeHololens,
  author={Robertson, Adi},
  title={Anyone (with \$3,000) can now buy Microsoft HoloLens},
  howpublished={\url{http://www.theverge.com/2016/8/2/12358554/microsoft-hololens-augmented-reality-opens-developer-sales}},
  note={Accessed: 2017-01-26},
  journal={The Verge},
  year={2016}
}

@misc{newatlasIkea,
  author={Ridden, Paul},
  title={IKEA catalog uses augmented reality to give a virtual preview of furniture in a room},
  howpublished={\url{http://newatlas.com/ikea-augmented-reality-catalog-app/28703/}},
  note={Accessed: 2017-01-27},
  journal={New Atlas},
  year={2013}
}

@misc{venturebeatWalls,
  author={Takahashi, Dean},
  title={The WalabotDIY lets remodelers see through walls like Superman},
  howpublished={\url{http://venturebeat.com/2016/08/16/the-walabotdiy-lets-remodelers-see-through-walls-like-superman/}},
  note={Accessed: 2017-01-31},
  journal={Venture Beat},
  year={2016}
}

@misc{threeMaterial,
  howpublished={\url{https://threejs.org/docs/api/materials/Material.html}},
  title={Material},
  note={Accessed: 2016-12-20},
  author={Three.js},
  year={2016}
}

@misc{threeMesh,
  howpublished={\url{https://threejs.org/docs/api/objects/Mesh.html}},
  title={Mesh},
  note={Accessed: 2016-12-20},
  author={Three.js},
  year={2016}
}

@misc{threeAbout,
  howpublished={\url{https://github.com/mrdoob/three.js/}},
  title={Three.js},
  note={Accessed: 2017-01-31},
  author={Three.js},
  year={2017}
}
